

@article{Moreira2021,	
doi = {10.1038/s41467-021-26584-2},	
journal = {Nature Communications},
url = {https://doi.org/10.1038\%2Fs41467-021-26584-2},	
year = 2021,	
month = {nov},	
publisher = {Springer Science and Business Media {LLC}},	
volume = {12},	
number = {1},	
author = {Guilherme G. Moreira and Fran{\c{c}}ois-Xavier Cantrelle and \textbf{Andrea Quezada} and Filipa S. Carvalho and Joana S. Crist{\'{o}}v{\~{a}}o and Urmi Sengupta and Nicha Puangmalai and Ana P. Carapeto and M{\'{a}}rio S. Rodrigues and Isabel Cardoso and GÃ¼enter Fritz and Federico Herrera and Rakez Kayed and Isabelle Landrieu and Cl{\'{a}}udio M. Gomes},	
title = {Dynamic interactions and Ca2-binding modulate the holdase-type chaperone activity of S100B preventing tau aggregation and seeding}}

@article{Izaguirre2019,
author = {Izaguirre, Gonzalo and Arciniega, Marcelino and \textbf{Quezada}, \textbf{Andrea}},
doi = {10.1021/acs.biochem.8b01295},
journal = {Biochemistry},
month = {mar},
number = {12},
pages = {1679--1688},
publisher = {American Chemical Society},
title = {{Specific and Selective Inhibitors of Proprotein Convertases Engineered by Transferring Serpin B8 Reactive-Site and Exosite Determinants of Reactivity to the Serpin $\alpha$1PDX}},
url = {https://doi.org/10.1021/acs.biochem.8b01295},
volume = {58},
year = {2019},
%note = {IF: 2.952. Q1. }, % Citations: 3
}

@article{Quezada2018,
author = {\textbf{Quezada*}, \textbf{Andrea} and Cabrera, Nallely and Pi{\~{n}}eiro, {\'{A}}ngel and D{\'{i}}az-Salazar, A Jessica and D{\'{i}}az-Mazariegos, Selma and Romero-Romero, Sergio and P{\'{e}}rez-Montfort, Ruy and Costas, Miguel},
doi = {https://doi.org/10.1016/j.bbrc.2018.08.087},
issn = {0006-291X},
journal = {Biochemical and Biophysical Research Communications},
keywords = {Design strategy,Differential scanning calorimetry,Protein flexibility,Protein half-life,Protein kinetic stability,Triosephosphate isomerase},
number = {4},
pages = {3017-3022},
title = {{A strategy based on thermal flexibility to design triosephosphate isomerase proteins with increased or decreased kinetic stability}},
url = {http://www.sciencedirect.com/science/article/pii/S0006291X18317716},
volume = {503},
year = {2018},
%note = {IF: 2.705. Q2. },  Citations: 1
}

@article{Quezada2017,
author = {\textbf{Quezada}, \textbf{Andrea} and D{\'{i}}az-Salazar, A Jessica and Cabrera, Nallely and P{\'{e}}rez-Montfort, Ruy and Pi{\~{n}}eiro, Angel and Costas, Miguel},
doi = {10.1016/j.str.2016.11.018},
issn = {18784186},
journal = {Structure},
number = {1},
pages = {167--179},
title = {{Interplay between Protein Thermal Flexibility and Kinetic Stability}},
volume = {25},
year = {2017},
%note = {IF: 4.907. Q1. }, % Citations: 15
}

@article{Guzman-Luna2017,
author = {Guzm{\'{a}}n-Luna, Valeria and \textbf{Quezada}, \textbf{Andrea} and D{\'{i}}az-Salazar, A. Jessica and Cabrera, Nallely and P{\'{e}}rez-Montfort, Ruy and Costas, Miguel},
doi = {10.1002/prot.25231},
file = {:home/andrea/Dropbox/Publications/2017Proteins.pdf:pdf},
issn = {08873585},
journal = {Proteins: Structure, Function, and Bioinformatics},
keywords = {activation energy,beta-loop-alpha motifs,beta-turns,contact maps,differential scanning calorimetry,engineering,parasites,protein,thermal unfolding,tim barrels},
number = {4},
pages = {571--579},
title = {{The effect of specific proline residues on the kinetic stability of the triosephosphate isomerases of two trypanosomes}},
volume = {85},
url = {http://doi.wiley.com/10.1002/prot.25231},
year = {2017},
%note = {IF: 2.274. Q1. }, % Citations: 5
}








