inbook{Quezada2010a,
note = {(In Spanish)},
author = {\textbf{Quezada}, \textbf{Andrea} and Costas, Miguel},
doi = {},
file = {:home/andrea/Dropbox/Publications/2010MensajeBioq.pdf:pdf},
issn = {ISSN-0188-137X},
title = {Mensaje Bioquímico},
number = {},
pages = {61-72},
chapter = {Estabilidad cinética de proteínas},
volume = {XXXIV},
url = {http://bq.unam.mx/mensajebioquimico},
year = {2010}
}
@inbook{Quezada2010,
 title = {Springer Handbook of Crystal Growth},
 chapter = {Protein Crystal Growth Methods},
 publisher = {Springer Berlin Heidelberg},
 year = {2010},
 author = {\textbf{Quezada}, \textbf{Andrea} and Arregu{\'{i}}n-Espinosa, Roberto and Moreno, Abel},
 ALTeditor = {Govindhan Dhanaraj, Kullaiah Byrappa, Vishwanath Prasad, Michael Dudley},
 OPTkey = {},
 OPTvolume = {},
 OPTnumber = {},
 OPTseries = {},
 OPTtype = {},
 OPTaddress = {Berlín},
 edition = {1st},
 OPTmonth = {},
 pages = {1583-1605},
 OPTnote = {},
 OPTannote = {},
 OPTurl = {},
 OPTurldate = {},
 OPTlastchecked = {},
 doi = {10.1007/978-3-540-74761-1_47},
 OPTisbn = {978-3-540-74182-4},
 OPTissn = {},
 OPTlocalfile = {:home/andrea/Dropbox/Publications/2009Handbookof CrystalGrowthSpringer.pdf:pdf},
 OPTabstract = {},
 OPTkeywords = {},
}