@article{Quezada2021,
author = {\textbf{Quezada}, \textbf{Andrea} and Branco Santos, Joana and Kovalchuk, Daria and Herrera, Federico},
doi = {},
file = {},
issn = {},
journal = {Frontiers in Molecular Neuroscience},
keywords = {},
number = {},
pages = {},
title = {{An integrated framework for Huntingtin aggregation: from classic amyloidogenesis to phase transitions in the cell}},
volume = {},
url = {},
year = {}
} note = {IF. 4.057. Q1.},

@article{Quezada2021b,
author = {\textbf{Quezada}, \textbf{Andrea} and Kovalchuk, Daria and Herrera, Federico},
doi = {},
file = {},
issn = {},
journal = {},
keywords = {},
number = {},
pages = {},
title = {N-terminal phosphorylation of Huntingtin exon 1 shifts its liquid-liquid phase separation diagram and alters the kinetics of aggresome formation in mammalian cells},
volume = {},
url = {},
year = {}
} note = {IF. 4.057. Q1.},
