@InProceedings{Pineiro2015,
    author = {Angel Pi√±eiro, Miguel Costas and \textbf{Andrea Quezada}},
    title = {Key structural differences between TbTIM and TcTIM revealed by thermal unfolding molecular dynamics simulations},
    booktitle = {29th Annual Symposium of the Protein-Society},
    volume = 24,
    year = 2015,
    publisher = {Wiley Online Library},
    editor = {},
    pages = {},
    OPTdoi = {10.1002/pro.2823},
}

@InProceedings{Costas2017,
    author = {Miguel Costas and \textbf{Andrea Quezada} and {\'{A}}ngel Pi{\~{n}}eiro },
    title = {Interplay between protein kinetic stability and thermal flexibility},
    booktitle = {42nd FEBS Congress: from molecules to cells and back},
    volume = 284,
    number = S1,
    year = 2017,
    publisher = {FEBS Press},
    editor = {},
    pages = {},
    OPTurl = {https://febs.onlinelibrary.wiley.com/doi/abs/10.1111/febs.14174}
}