@article{Hoyer2021,
note = {},
author = {Hoyer, Maria and Crevenna, Alvaro and Cabral Correia, Jose Rafael and \textbf{Quezada}, \textbf{Andrea} and Lamb, Don},
doi = {},
file = {},
issn = {},
journal = {Biophysical Journal},
keywords = {},
number = {},
pages = {},
title = {{Using Zero-mode waveguides to visualize the first steps during gelsolin-mediated actin filament formation}},
volume = {},
url = {},
year = {}
}

 

 